<?xml version="1.0"?>
<collection xmlns="http://www.loc.gov/MARC21/slim">
  <record>
    <leader>01596nam a2200385 a 4500</leader>
    <controlfield tag="001">cihm_29241</controlfield>
    <controlfield tag="003">CaSfIA</controlfield>
    <controlfield tag="005">20160212080605.0</controlfield>
    <controlfield tag="007">cr||||||||||||</controlfield>
    <controlfield tag="008">840223s1900    xx b    b     000 0 eng d</controlfield>
    <datafield tag="020" ind1=" " ind2=" ">
      <subfield code="a">0665292414</subfield>
    </datafield>
    <datafield tag="035" ind1=" " ind2=" ">
      <subfield code="a">ocn317910602</subfield>
    </datafield>
    <datafield tag="040" ind1=" " ind2=" ">
      <subfield code="a">CaOOCIHM</subfield>
      <subfield code="b">eng</subfield>
      <subfield code="d">AEU</subfield>
      <subfield code="d">CaSfIA</subfield>
    </datafield>
    <datafield tag="043" ind1=" " ind2=" ">
      <subfield code="a">n-cn-nt</subfield>
    </datafield>
    <datafield tag="082" ind1="0" ind2=" ">
      <subfield code="a">917.192</subfield>
      <subfield code="2">19</subfield>
    </datafield>
    <datafield tag="090" ind1=" " ind2=" ">
      <subfield code="a">FC 02 0203 no. 29241</subfield>
      <subfield code="b">AEU</subfield>
    </datafield>
    <datafield tag="100" ind1="1" ind2=" ">
      <subfield code="a">Hanbury, David T., </subfield>
      <subfield code="d">1864-1910</subfield>
    </datafield>
    <datafield tag="245" ind1="1" ind2="2">
      <subfield code="a">A journey from Chesterfield Inlet to Great Slave Lake, 1898-9</subfield>
      <subfield code="h">[electronic resource] </subfield>
      <subfield code="c">by David T. Hanbury.</subfield>
    </datafield>
    <datafield tag="260" ind1=" " ind2=" ">
      <subfield code="a">[S.l. :</subfield>
      <subfield code="b">s.n.,</subfield>
      <subfield code="c">1900?]</subfield>
    </datafield>
    <datafield tag="300" ind1=" " ind2=" ">
      <subfield code="a">1 microfiche (13 fr.) :</subfield>
      <subfield code="b">map.</subfield>
    </datafield>
    <datafield tag="490" ind1="1" ind2=" ">
      <subfield code="a">CIHM/ICMH Microfiche series = CIHM/ICMH collection de microfiches ;</subfield>
      <subfield code="v">no. 29241</subfield>
    </datafield>
    <datafield tag="500" ind1=" " ind2=" ">
      <subfield code="a">Caption title.</subfield>
    </datafield>
    <datafield tag="500" ind1=" " ind2=" ">
      <subfield code="a">Table.</subfield>
    </datafield>
    <datafield tag="533" ind1=" " ind2=" ">
      <subfield code="a">Filmed from a copy of the original publication held by the National Library of Canada.</subfield>
      <subfield code="b">Ottawa :</subfield>
      <subfield code="c">Canadian Institute for Historical Microreproductions,</subfield>
      <subfield code="d">1982.</subfield>
    </datafield>
    <datafield tag="534" ind1=" " ind2=" ">
      <subfield code="e">[2], 63-76, [1] p. : map ; 25 cm.</subfield>
    </datafield>
    <datafield tag="596" ind1=" " ind2=" ">
      <subfield code="a">43</subfield>
    </datafield>
    <datafield tag="650" ind1=" " ind2="0">
      <subfield code="a">Geology</subfield>
      <subfield code="x">Fieldwork</subfield>
      <subfield code="z">Northwest Territories.</subfield>
    </datafield>
    <datafield tag="650" ind1=" " ind2="6">
      <subfield code="a">G&#xC3;&#xA9;ologie</subfield>
      <subfield code="z">Territoires du Nord-Ouest</subfield>
      <subfield code="x">Travaux pratique</subfield>
    </datafield>
    <!-- No separator at end of field length=61 -->
    <!-- Bad indicator data. Skipping 2 bytes -->
    <datafield tag="651" ind1=" " ind2="5">
      <subfield code="a">Northwest Territories</subfield>
      <subfield code="x">Description and travel</subfield>
      <subfield code="y">To 1900.</subfield>
    </datafield>
    <!-- Bad indicator data. Skipping 2 bytes -->
    <datafield tag="651" ind1=" " ind2="5">
      <subfield code="a">Northwest, Canadian</subfield>
      <subfield code="x">Description and travel</subfield>
      <subfield code="y">1870-1905.</subfield>
    </datafield>
    <!-- Bad indicator data. Skipping 2 bytes -->
    <datafield tag="651" ind1=" " ind2="6">
      <subfield code="a">Territoires du Nord-Ouest</subfield>
      <subfield code="x">Descriptions et voyages</subfield>
      <subfield code="y">Jusqu'&#xC3;&#xA0; 190</subfield>
    </datafield>
    <!-- No separator at end of field length=71 -->
    <datafield tag="651" ind1="0" ind2="0">
  </datafield>
    <!-- Separator but not at end of field length=61 -->
    <datafield tag="830" ind1="0" ind2="5">
  </datafield>
    <!-- Separator but not at end of field length=45 -->
    <datafield tag="856" ind1="4" ind2="1">
      <subfield code="u">http://archive.org/details/cihm_29241</subfield>
      <subfield code="z">Free eBook from the Internet Archive</subfield>
    </datafield>
    <!-- Separator but not at end of field length=22 -->
    <datafield tag="016" ind1="P" ind2="R">
  </datafield>
    <!-- Separator but not at end of field length=15 -->
    <!-- Separator but not at end of field length=58 -->
  </record>
</collection>
